<?xml version="1.0" encoding="utf8" standalone="no" ?>
<marc:record xmlns:marc="http://www.bs.dk/standards/MarcXchange" area="BIB" id="C_1137027" noticeType="MPA1" rule="UNI:1">

  <marc:controlfield tag="000">jm</marc:controlfield>

  <marc:controlfield tag="001">1137027</marc:controlfield>

  <marc:datafield ind1=" " ind2=" " tag="100">
    <marc:subfield code="a">20041220d||||    uuuy0frey0103    ba</marc:subfield>
  </marc:datafield>

  <marc:datafield ind1="|" ind2="|" tag="101">
    <marc:subfield code="a" referentialName="UNI:LANGUES" referentialType="TABLE">fre</marc:subfield>
  </marc:datafield>

  <marc:datafield ind1=" " ind2=" " tag="102">
    <marc:subfield code="a" referentialName="UNI:PAYS" referentialType="TABLE">FR</marc:subfield>
  </marc:datafield>

  <marc:datafield ind1=" " ind2=" " tag="125">
    <marc:subfield code="a">xx</marc:subfield>
    <marc:subfield code="b">|</marc:subfield>
  </marc:datafield>

  <marc:datafield ind1=" " ind2=" " tag="126">
    <marc:subfield code="a">agbxhxxd|||||bd</marc:subfield>
    <marc:subfield code="b">bex</marc:subfield>
  </marc:datafield>

  <marc:datafield ind1=" " ind2=" " tag="127">
    <marc:subfield code="a">||||||</marc:subfield>
  </marc:datafield>

  <marc:datafield ind1=" " ind2="|" tag="181">
    <marc:subfield code="a">||</marc:subfield>
    <marc:subfield code="b">||||||</marc:subfield>
    <marc:subfield code="c" referentialName="UNI:UNI181C" referentialType="TABLE">spw</marc:subfield>
    <marc:subfield code="6">01</marc:subfield>
  </marc:datafield>

  <marc:datafield ind1=" " ind2="|" tag="182">
    <marc:subfield code="a">|</marc:subfield>
    <marc:subfield code="c" referentialName="UNI:UNI182C" referentialType="TABLE">s</marc:subfield>
    <marc:subfield code="6">01</marc:subfield>
  </marc:datafield>

  <marc:datafield ind1="|" ind2=" " tag="200">
    <marc:subfield code="a">Portrait Johann Sebastian Bach : Köthen</marc:subfield>
    <marc:subfield code="b">Enregistrement sonore</marc:subfield>
    <marc:subfield code="e">conférence enregistrée à la Philharmonie de Paris le mercredi 15 décembre 2021 (15h, Salle de conférence - Philharmonie)</marc:subfield>
    <marc:subfield code="f">Denis Morrier, conférencier</marc:subfield>
  </marc:datafield>

  <marc:datafield ind1="#" ind2="0" tag="214">
    <marc:subfield code="a">Paris</marc:subfield>
    <marc:subfield code="c">Cité de la musique - Philharmonie de Paris</marc:subfield>
    <marc:subfield code="d">2021</marc:subfield>
  </marc:datafield>

  <marc:datafield ind1=" " ind2=" " tag="215">
    <marc:subfield code="a">2h 1 min 12 sec</marc:subfield>
  </marc:datafield>

  <marc:datafield ind1=" " ind2=" " tag="300">
    <marc:subfield code="a">Présentation : "En douze stations, ce collège sonde la vie et l' oeuvre de Jean-Sébastian Bach en son temps et dans son héritage. Les premières conférences guident vos pas à travers les villes d'élection du compositeur, le chemin se prolongeant par des conférences plus esthétiques et spirituelles sur son art universel. En Bach, se récapitulent les goûts réunis des styles européens qu'il transcende en jetant des passerelles vers un nouvel avenir musical."</marc:subfield>
  </marc:datafield>

  <marc:datafield ind1=" " ind2=" " tag="305">
    <marc:subfield code="a">Archivé à la Cité de la musique</marc:subfield>
  </marc:datafield>

  <marc:datafield ind1=" " ind2="|" tag="600">
    <marc:subfield code="3" id="38240">
      <marc:record>
        <marc:controlfield tag="000">nx</marc:controlfield>
        <marc:controlfield tag="001">38240</marc:controlfield>
        <marc:datafield ind1=" " ind2=" " tag="010">
          <marc:subfield code="a">0000000122764157</marc:subfield>
          <marc:subfield code="2">SAISIE</marc:subfield>
          <marc:subfield code="d">20190620</marc:subfield>
        </marc:datafield>
        <marc:datafield ind1=" " ind2=" " tag="100">
          <marc:subfield code="a">20040322afrey01010101ba0</marc:subfield>
        </marc:datafield>
        <marc:datafield ind1=" " ind2=" " tag="120">
          <marc:subfield code="a">b </marc:subfield>
        </marc:datafield>
        <marc:datafield ind1=" " ind2="|" tag="200">
          <marc:subfield code="a">Bach</marc:subfield>
          <marc:subfield code="b">Johann Sebastian</marc:subfield>
          <marc:subfield code="f">1685-1750</marc:subfield>
        </marc:datafield>
        <marc:datafield ind1=" " ind2="|" tag="400">
          <marc:subfield code="a">Bach</marc:subfield>
          <marc:subfield code="b">Jean-Sébastien</marc:subfield>
        </marc:datafield>
        <marc:datafield ind1=" " ind2="|" tag="801">
          <marc:subfield code="a" referentialName="AUC:PAYS" referentialType="TABLE">FR</marc:subfield>
          <marc:subfield code="b">CITE MUSIQUE</marc:subfield>
          <marc:subfield code="c">20040721</marc:subfield>
        </marc:datafield>
        <marc:datafield ind1=" " ind2=" " tag="937">
          <marc:subfield code="a">APEP</marc:subfield>
        </marc:datafield>
        <marc:datafield ind1="|" ind2="|" tag="941">
          <marc:subfield code="a">AIC1</marc:subfield>
          <marc:subfield code="b">135</marc:subfield>
        </marc:datafield>
        <marc:datafield ind1="|" ind2="|" tag="994">
          <marc:subfield code="a">FRBNF11889790</marc:subfield>
          <marc:subfield code="b">https://catalogue.bnf.fr/ark:/12148/cb118897907</marc:subfield>
        </marc:datafield>
      </marc:record>