
      <marc:rule>AUC:8</marc:rule>
      <marc:area>AUT</marc:area>
      <marc:noticeType>APEP</marc:noticeType>
    </marc:subfield>
  </marc:datafield>

  <marc:datafield ind1=" " ind2="1" tag="700">
    <marc:subfield code="3" id="48423">
      <marc:record>
        <marc:controlfield tag="000">nx</marc:controlfield>
        <marc:controlfield tag="001">48423</marc:controlfield>
        <marc:datafield ind1=" " ind2=" " tag="010">
          <marc:subfield code="a">0000000001343487</marc:subfield>
          <marc:subfield code="2">SAISIE</marc:subfield>
          <marc:subfield code="d">20220928</marc:subfield>
        </marc:datafield>
        <marc:datafield ind1=" " ind2=" " tag="100">
          <marc:subfield code="a">20040322afrey01010101ba0</marc:subfield>
        </marc:datafield>
        <marc:datafield ind1=" " ind2=" " tag="120">
          <marc:subfield code="a">b </marc:subfield>
        </marc:datafield>
        <marc:datafield ind1=" " ind2="|" tag="200">
          <marc:subfield code="a">Morrier</marc:subfield>
          <marc:subfield code="b">Denis</marc:subfield>
          <marc:subfield code="f">19..-....</marc:subfield>
        </marc:datafield>
        <marc:datafield ind1=" " ind2="|" tag="801">
          <marc:subfield code="a" referentialName="AUC:PAYS" referentialType="TABLE">FR</marc:subfield>
          <marc:subfield code="b">CITE MUSIQUE</marc:subfield>
          <marc:subfield code="c">20040721</marc:subfield>
        </marc:datafield>
        <marc:datafield ind1=" " ind2=" " tag="937">
          <marc:subfield code="a">APEP</marc:subfield>
        </marc:datafield>
        <marc:datafield ind1="|" ind2="|" tag="941">
          <marc:subfield code="a">AIC1</marc:subfield>
          <marc:subfield code="b">27164</marc:subfield>
        </marc:datafield>
        <marc:datafield ind1="|" ind2="|" tag="994">
          <marc:subfield code="a">FRBNF14460700</marc:subfield>
          <marc:subfield code="b">http://ark.bnf.fr/ark:/12148/cb14460700k</marc:subfield>
        </marc:datafield>
      </marc:record>
      <marc:rule>AUC:8</marc:rule>
      <marc:area>AUT</marc:area>
      <marc:noticeType>APEP</marc:noticeType>
    </marc:subfield>
    <marc:subfield code="4" referentialName="UNI:FONCTION" referentialType="TABLE">800</marc:subfield>
  </marc:datafield>

  <marc:datafield ind1=" " ind2="0" tag="801">
    <marc:subfield code="a" referentialName="UNI:PAYS" referentialType="TABLE">FR</marc:subfield>
    <marc:subfield code="b">Cité de la musique</marc:subfield>
  </marc:datafield>

  <marc:datafield ind1="|" ind2="|" tag="856">
    <marc:subfield code="u">http://mediatheque.cite-musique.fr/masc/link.asp?IDNOTICE=1137027</marc:subfield>
    <marc:subfield code="2">document numérique lié</marc:subfield>
    <marc:subfield code="e">||||||||||||</marc:subfield>
    <marc:subfield code="d">PPAU000058501_01</marc:subfield>
    <marc:subfield code="b">PPAU000058500</marc:subfield>
  </marc:datafield>

  <marc:datafield ind1=" " ind2=" " tag="900">
    <marc:subfield code="c">CONTRAT_3</marc:subfield>
  </marc:datafield>

  <marc:datafield ind1=" " ind2=" " tag="911">
    <marc:subfield code="a" referentialName="THESAURUS1" referentialType="THESAURUS">DESC1049068</marc:subfield>
    <marc:subfield code="a" referentialName="THESAURUS1" referentialType="THESAURUS">DESC68691</marc:subfield>
    <marc:subfield code="a" referentialName="THESAURUS1" referentialType="THESAURUS">DESC145870</marc:subfield>
    <marc:subfield code="a" referentialName="THESAURUS1" referentialType="THESAURUS">DESC67509</marc:subfield>
    <marc:subfield code="a" referentialName="THESAURUS1" referentialType="THESAURUS">DESC67786</marc:subfield>
    <marc:subfield code="a" referentialName="THESAURUS1" referentialType="THESAURUS">DESC145872</marc:subfield>
  </marc:datafield>

  <marc:datafield ind1=" " ind2=" " tag="937">
    <marc:subfield code="a">MPA1</marc:subfield>
  </marc:datafield>

  <marc:datafield ind1=" " ind2=" " tag="942">
    <marc:subfield code="c">UNI2P</marc:subfield>
    <marc:subfield code="#">0</marc:subfield>
  </marc:datafield>

  <marc:datafield ind1=" " ind2=" " tag="945">
    <marc:subfield code="a">PPAU000058501#01</marc:subfield>
    <marc:subfield code="#">0</marc:subfield>
  </marc:datafield>

  <marc:datafield ind1=" " ind2=" " tag="946">
    <marc:subfield code="a">20211215</marc:subfield>
    <marc:subfield code="#">0</marc:subfield>
  </marc:datafield>

  <marc:datafield ind1=" " ind2=" " tag="947">
    <marc:subfield code="a">23078</marc:subfield>
    <marc:subfield code="#">0</marc:subfield>
  </marc:datafield>

  <marc:datafield ind1=" " ind2=" " tag="997">
    <marc:subfield code="3" id="1137169">
      <marc:record>
        <marc:controlfield tag="000">oe</marc:controlfield>
        <marc:controlfield tag="001">1137169</marc:controlfield>
        <marc:datafield ind1=" " ind2=" " tag="915">
          <marc:subfield code="b">NE1090293</marc:subfield>
          <marc:subfield code="a">PPAU000058500_BWFS</marc:subfield>
        </marc:datafield>
        <marc:datafield ind1=" " ind2=" " tag="920">
          <marc:subfield code="d">21/02/2022</marc:subfield>
          <marc:subfield code="t" referentialName="EXE:TYPDOC" referentialType="TABLE">BWFS</marc:subfield>
        </marc:datafield>
        <marc:datafield ind1=" " ind2=" " tag="930">
          <marc:subfield code="c" referentialName="BIBLIOTHEQUE" referentialType="FICHIER">M</marc:subfield>
          <marc:subfield code="d" referentialName="EXE:SECTION" referentialType="TABLE">RES2</marc:subfield>
          <marc:subfield code="g">ARCH 2021-12-15</marc:subfield>
        </marc:datafield>
        <marc:datafield ind1=" " ind2=" " tag="937">
          <marc:subfield code="a">EXEM</marc:subfield>
        </marc:datafield>
      </marc:record>
      <marc:rule>EXE:97</marc:rule>
      <marc:area>EXE</marc:area>
      <marc:noticeType>EXEM</marc:noticeType>
    </marc:subfield>
  </marc:datafield>

  <marc:datafield ind1=" " ind2=" " tag="997">
    <marc:subfield code="3" id="1137170">
      <marc:record>
        <marc:controlfield tag="000">oe</marc:controlfield>
        <marc:controlfield tag="001">1137170</marc:controlfield>
        <marc:datafield ind1=" " ind2=" " tag="915">
          <marc:subfield code="b">NE1090294</marc:subfield>
          <marc:subfield code="a">PPAU000058500_FINU</marc:subfield>
        </marc:datafield>
        <marc:datafield ind1=" " ind2=" " tag="920">
          <marc:subfield code="d">21/02/2022</marc:subfield>
          <marc:subfield code="t" referentialName="EXE:TYPDOC" referentialType="TABLE">FINU</marc:subfield>
        </marc:datafield>
        <marc:datafield ind1=" " ind2=" " tag="930">
          <marc:subfield code="c" referentialName="BIBLIOTHEQUE" referentialType="FICHIER">M</marc:subfield>
          <marc:subfield code="d" referentialName="EXE:SECTION" referentialType="TABLE">RES2</marc:subfield>
          <marc:subfield code="g">ARCH 2021-12-15</marc:subfield>
        </marc:datafield>
        <marc:datafield ind1=" " ind2=" " tag="937">
          <marc:subfield code="a">EXEM</marc:subfield>
        </marc:datafield>
      </marc:record>
      <marc:rule>EXE:97</marc:rule>
      <marc:area>EXE</marc:area>
      <marc:noticeType>EXEM</marc:noticeType>
    </marc:subfield>
  </marc:datafield>

  <marc:datafield tag="DATECREAT">17/02/2022 16:37:36</marc:datafield>

  <marc:datafield tag="DATEMODIF">13/03/2025 10:15:49</marc:datafield>

  <marc:datafield tag="CREATEUR">JNAVAS</marc:datafield>

  <marc:datafield tag="MODIFICATEUR">ADMINEXPLOITATION</marc:datafield>

  <marc:datafield referentialName="EXE:STATUT" referentialType="TABLE" tag="STATUT">01</marc:datafield>

  <marc:datafield tag="TRAITEMENT">PARTIEL911</marc:datafield>

  <marc:datafield tag="NBPRETAN">0</marc:datafield>

  <marc:datafield tag="PRETCUM">0</marc:datafield>

  <marc:datafield tag="NBRESAAN">0</marc:datafield>

  <marc:datafield tag="RESACUM">0</marc:datafield>

  <marc:datafield tag="LIBREGLE">Document</marc:datafield>

  <marc:datafield tag="NBABO">0</marc:datafield>

  <marc:datafield tag="IDENTIFIANT">1137027</marc:datafield>

  <marc:datafield referentialName="UNI:TYPE-DE-NOTICE" referentialType="TABLE" tag="TYPEDENOTICE">MPA1</marc:datafield>

  <marc:datafield tag="ACTIF">1</marc:datafield>

  <marc:datafield tag="NBFILLE">2</marc:datafield>

  <marc:datafield tag="TYPEDENOTICELIB">Manifestation parlée audio CMPP</marc:datafield>

  <marc:datafield tag="TRAITLIB">Import partile des 911</marc:datafield>

  <marc:datafield tag="IDORIGINE">1137027</marc:datafield>

  <marc:datafield tag="RESERVE">0</marc:datafield>

  <marc:datafield tag="NBRES">0</marc:datafield>

  <marc:datafield tag="MMNBDOCPRIMAIRE">0</marc:datafield>

  <marc:datafield tag="MMESTVERSIONNUM">0</marc:datafield>

  <marc:datafield tag="DCENRICHIE">0</marc:datafield>

  <marc:datafield tag="IDEXTERNE_IDENTIFIANTTRADUCTION"/>

  <marc:datafield tag="IDEXTERNE_IDENTIFIANTTRADUCTION_NBNOTICES">0</marc:datafield>

  <marc:datafield tag="IDEXTERNE_IDENTIFIANTEAD"/>

  <marc:datafield tag="IDEXTERNE_IDENTIFIANTEAD_NBNOTICES">0</marc:datafield>

  <marc:datafield tag="ESTSURNOTICE">0</marc:datafield>

  <marc:datafield tag="RESADATECREA"> </marc:datafield>

  <marc:datafield tag="NBPRETAN-1">0</marc:datafield>

  <marc:datafield tag="NBPRETAN-2">0</marc:datafield>

  <marc:datafield tag="NBPRETAN-3">0</marc:datafield>

  <marc:datafield tag="NBRESAAN-1">0</marc:datafield>

  <marc:datafield tag="NBRESAAN-2">0</marc:datafield>

  <marc:datafield tag="NBRESAAN-3">0</marc:datafield>

  <marc:datafield tag="SYSBASE">SYRACUSE</marc:datafield>

  <marc:datafield tag="ISSUBULLETINAGE">0</marc:datafield>

  <marc:datafield tag="MODDATE">13/03/2025 10:15:48</marc:datafield>

  <marc:datafield tag="MODPOSTE">C-CECCONI-PORT</marc:datafield>

  <marc:datafield tag="MODUTIL">ADMINEXPLOITATION</marc:datafield>

  <marc:datafield tag="MODPRG">RECTIFFONDSRest</marc:datafield>

  <marc:datafield tag="CRYSTALPATHMODIF">crystal://EXPLOITATION/user=dedf46600b4ee4c8f590c648a15b9ca4</marc:datafield>

  <marc:datafield tag="MODCRYSTALPATH">crystal://EXPLOITATION/user=dedf46600b4ee4c8f590c648a15b9ca4</marc:datafield>

</marc:record>
